%YAML 1.1
%TAG !u! tag:unity3d.com,2011:
--- !u!1 &5106426997325168915
GameObject:
  m_ObjectHideFlags: 0
  m_CorrespondingSourceObject: {fileID: 0}
  m_PrefabInstance: {fileID: 0}
  m_PrefabAsset: {fileID: 0}
  serializedVersion: 6
  m_Component:
  - component: {fileID: 5106426997325168924}
  m_Layer: 0
  m_Name: LakeIsland
  m_TagString: Untagged
  m_Icon: {fileID: 0}
  m_NavMeshLayer: 0
  m_StaticEditorFlags: 4294967295
  m_IsActive: 1
--- !u!4 &5106426997325168924
Transform:
  m_ObjectHideFlags: 0
  m_CorrespondingSourceObject: {fileID: 0}
  m_PrefabInstance: {fileID: 0}
  m_PrefabAsset: {fileID: 0}
  m_GameObject: {fileID: 5106426997325168915}
  m_LocalRotation: {x: 0, y: 0, z: 0, w: 1}
  m_LocalPosition: {x: 0, y: 0.68, z: 0}
  m_LocalScale: {x: 1, y: 1, z: 1}
  m_Children:
  - {fileID: 5106426999189067317}
  - {fileID: 5106426999087222864}
  - {fileID: 5106426998935139217}
  m_Father: {fileID: 5106426998231307535}
  m_RootOrder: 0
  m_LocalEulerAnglesHint: {x: 0, y: 0, z: 0}
--- !u!1 &5106426997496120970
GameObject:
  m_ObjectHideFlags: 0
  m_CorrespondingSourceObject: {fileID: 0}
  m_PrefabInstance: {fileID: 0}
  m_PrefabAsset: {fileID: 0}
  serializedVersion: 6
  m_Component:
  - component: {fileID: 5106426997496120971}
  m_Layer: 0
  m_Name: Island (2)
  m_TagString: Untagged
  m_Icon: {fileID: 0}
  m_NavMeshLayer: 0
  m_StaticEditorFlags: 4294967295
  m_IsActive: 1
--- !u!4 &5106426997496120971
Transform:
  m_ObjectHideFlags: 0
  m_CorrespondingSourceObject: {fileID: 0}
  m_PrefabInstance: {fileID: 0}
  m_PrefabAsset: {fileID: 0}
  m_GameObject: {fileID: 5106426997496120970}
  m_LocalRotation: {x: 0.10562735, y: 0.07075113, z: -0.027933437, w: 0.99149233}
  m_LocalPosition: {x: -27.2, y: 0.52, z: -18.1}
  m_LocalScale: {x: 1.0745531, y: 1.0745525, z: 1.0745525}
  m_Children:
  - {fileID: 5106426997498686197}
  - {fileID: 5106426998172461248}
  m_Father: {fileID: 5106426998231307535}
  m_RootOrder: 3
  m_LocalEulerAnglesHint: {x: 12.266001, y: 7.6940002, z: -2.3030002}
--- !u!1 &5106426998064682740
GameObject:
  m_ObjectHideFlags: 0
  m_CorrespondingSourceObject: {fileID: 0}
  m_PrefabInstance: {fileID: 0}
  m_PrefabAsset: {fileID: 0}
  serializedVersion: 6
  m_Component:
  - component: {fileID: 5106426998064682741}
  - component: {fileID: 5106426998064682742}
  - component: {fileID: 5106426998064682743}
  m_Layer: 0
  m_Name: LakeWaterArea
  m_TagString: Water
  m_Icon: {fileID: 0}
  m_NavMeshLayer: 0
  m_StaticEditorFlags: 0
  m_IsActive: 1
--- !u!4 &5106426998064682741
Transform:
  m_ObjectHideFlags: 0
  m_CorrespondingSourceObject: {fileID: 0}
  m_PrefabInstance: {fileID: 0}
  m_PrefabAsset: {fileID: 0}
  m_GameObject: {fileID: 5106426998064682740}
  m_LocalRotation: {x: 0, y: 0, z: 0, w: 1}
  m_LocalPosition: {x: 0.02, y: 0.12, z: 0}
  m_LocalScale: {x: 1, y: 1, z: 1}
  m_Children: []
  m_Father: {fileID: 5106426999189067317}
  m_RootOrder: 3
  m_LocalEulerAnglesHint: {x: 0, y: 0, z: 0}
--- !u!65 &5106426998064682742
BoxCollider:
  m_ObjectHideFlags: 0
  m_CorrespondingSourceObject: {fileID: 0}
  m_PrefabInstance: {fileID: 0}
  m_PrefabAsset: {fileID: 0}
  m_GameObject: {fileID: 5106426998064682740}
  m_Material: {fileID: 0}
  m_IsTrigger: 1
  m_Enabled: 1
  serializedVersion: 2
  m_Size: {x: 7.76, y: 0.55, z: 8.89}
  m_Center: {x: 0, y: 0, z: 0}
--- !u!114 &5106426998064682743
MonoBehaviour:
  m_ObjectHideFlags: 0
  m_CorrespondingSourceObject: {fileID: 0}
  m_PrefabInstance: {fileID: 0}
  m_PrefabAsset: {fileID: 0}
  m_GameObject: {fileID: 5106426998064682740}
  m_Enabled: 1
  m_EditorHideFlags: 0
  m_Script: {fileID: 11500000, guid: a8224516acd263b45a7aa9170e00b7ff, type: 3}
  m_Name: 
  m_EditorClassIdentifier: 
  waterProperties: {fileID: 0}
--- !u!1 &5106426998231307534
GameObject:
  m_ObjectHideFlags: 0
  m_CorrespondingSourceObject: {fileID: 0}
  m_PrefabInstance: {fileID: 0}
  m_PrefabAsset: {fileID: 0}
  serializedVersion: 6
  m_Component:
  - component: {fileID: 5106426998231307535}
  m_Layer: 0
  m_Name: Islands
  m_TagString: Untagged
  m_Icon: {fileID: 0}
  m_NavMeshLayer: 0
  m_StaticEditorFlags: 4294967295
  m_IsActive: 1
--- !u!4 &5106426998231307535
Transform:
  m_ObjectHideFlags: 0
  m_CorrespondingSourceObject: {fileID: 0}
  m_PrefabInstance: {fileID: 0}
  m_PrefabAsset: {fileID: 0}
  m_GameObject: {fileID: 5106426998231307534}
  m_LocalRotation: {x: 0, y: 0, z: 0, w: 1}
  m_LocalPosition: {x: 0, y: 0, z: 0}
  m_LocalScale: {x: 1, y: 1, z: 1}
  m_Children:
  - {fileID: 5106426997325168924}
  - {fileID: 5106426998935386262}
  - {fileID: 5106426998300032875}
  - {fileID: 5106426997496120971}
  m_Father: {fileID: 0}
  m_RootOrder: 0
  m_LocalEulerAnglesHint: {x: 0, y: 0, z: 0}
--- !u!1 &5106426998300032874
GameObject:
  m_ObjectHideFlags: 0
  m_CorrespondingSourceObject: {fileID: 0}
  m_PrefabInstance: {fileID: 0}
  m_PrefabAsset: {fileID: 0}
  serializedVersion: 6
  m_Component:
  - component: {fileID: 5106426998300032875}
  m_Layer: 0
  m_Name: Island (1)
  m_TagString: Untagged
  m_Icon: {fileID: 0}
  m_NavMeshLayer: 0
  m_StaticEditorFlags: 4294967295
  m_IsActive: 1
--- !u!4 &5106426998300032875
Transform:
  m_ObjectHideFlags: 0
  m_CorrespondingSourceObject: {fileID: 0}
  m_PrefabInstance: {fileID: 0}
  m_PrefabAsset: {fileID: 0}
  m_GameObject: {fileID: 5106426998300032874}
  m_LocalRotation: {x: 0.025237968, y: -0, z: -0, w: 0.9996815}
  m_LocalPosition: {x: -0.6, y: 0.26872, z: 32.933}
  m_LocalScale: {x: 1.4030713, y: 1.4030709, z: 1.4030709}
  m_Children:
  - {fileID: 5106426998163456512}
  - {fileID: 5106426997082242677}
  - {fileID: 5106426997842316634}
  m_Father: {fileID: 5106426998231307535}
  m_RootOrder: 2
  m_LocalEulerAnglesHint: {x: 2.864, y: 0, z: 0}
--- !u!1 &5106426998935139216
GameObject:
  m_ObjectHideFlags: 0
  m_CorrespondingSourceObject: {fileID: 0}
  m_PrefabInstance: {fileID: 0}
  m_PrefabAsset: {fileID: 0}
  serializedVersion: 6
  m_Component:
  - component: {fileID: 5106426998935139217}
  m_Layer: 0
  m_Name: Bushes
  m_TagString: Untagged
  m_Icon: {fileID: 0}
  m_NavMeshLayer: 0
  m_StaticEditorFlags: 4294967295
  m_IsActive: 1
--- !u!4 &5106426998935139217
Transform:
  m_ObjectHideFlags: 0
  m_CorrespondingSourceObject: {fileID: 0}
  m_PrefabInstance: {fileID: 0}
  m_PrefabAsset: {fileID: 0}
  m_GameObject: {fileID: 5106426998935139216}
  m_LocalRotation: {x: 0, y: 0, z: 0, w: 1}
  m_LocalPosition: {x: 0, y: 0, z: 0}
  m_LocalScale: {x: 1, y: 1, z: 1}
  m_Children:
  - {fileID: 5106426998170557826}
  - {fileID: 5106426999012428509}
  - {fileID: 5106426998051929598}
  - {fileID: 5106426998336230701}
  - {fileID: 5106426998188215543}
  - {fileID: 5106426998309723139}
  m_Father: {fileID: 5106426997325168924}
  m_RootOrder: 2
  m_LocalEulerAnglesHint: {x: 0, y: 0, z: 0}
--- !u!1 &5106426998935386261
GameObject:
  m_ObjectHideFlags: 0
  m_CorrespondingSourceObject: {fileID: 0}
  m_PrefabInstance: {fileID: 0}
  m_PrefabAsset: {fileID: 0}
  serializedVersion: 6
  m_Component:
  - component: {fileID: 5106426998935386262}
  m_Layer: 0
  m_Name: Island
  m_TagString: Untagged
  m_Icon: {fileID: 0}
  m_NavMeshLayer: 0
  m_StaticEditorFlags: 4294967295
  m_IsActive: 1
--- !u!4 &5106426998935386262
Transform:
  m_ObjectHideFlags: 0
  m_CorrespondingSourceObject: {fileID: 0}
  m_PrefabInstance: {fileID: 0}
  m_PrefabAsset: {fileID: 0}
  m_GameObject: {fileID: 5106426998935386261}
  m_LocalRotation: {x: 0.025237968, y: -0, z: -0, w: 0.9996815}
  m_LocalPosition: {x: 27.9, y: 0.0039668083, z: -18.2}
  m_LocalScale: {x: 1, y: 1, z: 1}
  m_Children:
  - {fileID: 5106426998962401916}
  - {fileID: 5106426997867740344}
  - {fileID: 5106426998552926609}
  m_Father: {fileID: 5106426998231307535}
  m_RootOrder: 1
  m_LocalEulerAnglesHint: {x: 2.864, y: 0, z: 0}
--- !u!1001 &5106426997082105079
PrefabInstance:
  m_ObjectHideFlags: 0
  serializedVersion: 2
  m_Modification:
    m_TransformParent: {fileID: 5106426998300032875}
    m_Modifications:
    - target: {fileID: 100002, guid: 8dfb3bdf788cbc345a338b5bd53d276b, type: 3}
      propertyPath: m_StaticEditorFlags
      value: 4294967295
      objectReference: {fileID: 0}
    - target: {fileID: 400002, guid: 8dfb3bdf788cbc345a338b5bd53d276b, type: 3}
      propertyPath: m_RootOrder
      value: 1
      objectReference: {fileID: 0}
    - target: {fileID: 400002, guid: 8dfb3bdf788cbc345a338b5bd53d276b, type: 3}
      propertyPath: m_LocalScale.x
      value: 1.417949
      objectReference: {fileID: 0}
    - target: {fileID: 400002, guid: 8dfb3bdf788cbc345a338b5bd53d276b, type: 3}
      propertyPath: m_LocalScale.y
      value: 1.4179491
      objectReference: {fileID: 0}
    - target: {fileID: 400002, guid: 8dfb3bdf788cbc345a338b5bd53d276b, type: 3}
      propertyPath: m_LocalScale.z
      value: 1.4179488
      objectReference: {fileID: 0}
    - target: {fileID: 400002, guid: 8dfb3bdf788cbc345a338b5bd53d276b, type: 3}
      propertyPath: m_LocalPosition.x
      value: -1.8240216
      objectReference: {fileID: 0}
    - target: {fileID: 400002, guid: 8dfb3bdf788cbc345a338b5bd53d276b, type: 3}
      propertyPath: m_LocalPosition.y
      value: -0.16649447
      objectReference: {fileID: 0}
    - target: {fileID: 400002, guid: 8dfb3bdf788cbc345a338b5bd53d276b, type: 3}
      propertyPath: m_LocalPosition.z
      value: -1.5336471
      objectReference: {fileID: 0}
    - target: {fileID: 400002, guid: 8dfb3bdf788cbc345a338b5bd53d276b, type: 3}
      propertyPath: m_LocalRotation.w
      value: 0.06725676
      objectReference: {fileID: 0}
    - target: {fileID: 400002, guid: 8dfb3bdf788cbc345a338b5bd53d276b, type: 3}
      propertyPath: m_LocalRotation.x
      value: -0.10030537
      objectReference: {fileID: 0}
    - target: {fileID: 400002, guid: 8dfb3bdf788cbc345a338b5bd53d276b, type: 3}
      propertyPath: m_LocalRotation.y
      value: 0.70229965
      objectReference: {fileID: 0}
    - target: {fileID: 400002, guid: 8dfb3bdf788cbc345a338b5bd53d276b, type: 3}
      propertyPath: m_LocalRotation.z
      value: 0.7015629
      objectReference: {fileID: 0}
    - target: {fileID: 400002, guid: 8dfb3bdf788cbc345a338b5bd53d276b, type: 3}
      propertyPath: m_LocalEulerAnglesHint.x
      value: -87.3
      objectReference: {fileID: 0}
    - target: {fileID: 400002, guid: 8dfb3bdf788cbc345a338b5bd53d276b, type: 3}
      propertyPath: m_LocalEulerAnglesHint.y
      value: 262.133
      objectReference: {fileID: 0}
    - target: {fileID: 400002, guid: 8dfb3bdf788cbc345a338b5bd53d276b, type: 3}
      propertyPath: m_LocalEulerAnglesHint.z
      value: -95.373
      objectReference: {fileID: 0}
    - target: {fileID: 2300004, guid: 8dfb3bdf788cbc345a338b5bd53d276b, type: 3}
      propertyPath: m_Materials.Array.data[0]
      value: 
      objectReference: {fileID: 2100000, guid: 854929c6a90467543b32b4c44a6fdb3b, type: 2}
    m_RemovedComponents: []
  m_SourcePrefab: {fileID: 100100000, guid: 8dfb3bdf788cbc345a338b5bd53d276b, type: 3}
--- !u!4 &5106426997082242677 stripped
Transform:
  m_CorrespondingSourceObject: {fileID: 400002, guid: 8dfb3bdf788cbc345a338b5bd53d276b, type: 3}
  m_PrefabInstance: {fileID: 5106426997082105079}
  m_PrefabAsset: {fileID: 0}
--- !u!1001 &5106426997498294391
PrefabInstance:
  m_ObjectHideFlags: 0
  serializedVersion: 2
  m_Modification:
    m_TransformParent: {fileID: 5106426997496120971}
    m_Modifications:
    - target: {fileID: 100000, guid: 371d3425353fbd74f927b386d74d4eff, type: 3}
      propertyPath: m_StaticEditorFlags
      value: 4294967295
      objectReference: {fileID: 0}
    - target: {fileID: 100002, guid: 371d3425353fbd74f927b386d74d4eff, type: 3}
      propertyPath: m_StaticEditorFlags
      value: 4294967295
      objectReference: {fileID: 0}
    - target: {fileID: 100004, guid: 371d3425353fbd74f927b386d74d4eff, type: 3}
      propertyPath: m_StaticEditorFlags
      value: 4294967295
      objectReference: {fileID: 0}
    - target: {fileID: 400002, guid: 371d3425353fbd74f927b386d74d4eff, type: 3}
      propertyPath: m_RootOrder
      value: 0
      objectReference: {fileID: 0}
    - target: {fileID: 400002, guid: 371d3425353fbd74f927b386d74d4eff, type: 3}
      propertyPath: m_LocalPosition.x
      value: -0.05762758
      objectReference: {fileID: 0}
    - target: {fileID: 400002, guid: 371d3425353fbd74f927b386d74d4eff, type: 3}
      propertyPath: m_LocalPosition.y
      value: -0.054541543
      objectReference: {fileID: 0}
    - target: {fileID: 400002, guid: 371d3425353fbd74f927b386d74d4eff, type: 3}
      propertyPath: m_LocalPosition.z
      value: -0.38857046
      objectReference: {fileID: 0}
    - target: {fileID: 400002, guid: 371d3425353fbd74f927b386d74d4eff, type: 3}
      propertyPath: m_LocalRotation.w
      value: 0.9938396
      objectReference: {fileID: 0}
    - target: {fileID: 400002, guid: 371d3425353fbd74f927b386d74d4eff, type: 3}
      propertyPath: m_LocalRotation.x
      value: -0.07939293
      objectReference: {fileID: 0}
    - target: {fileID: 400002, guid: 371d3425353fbd74f927b386d74d4eff, type: 3}
      propertyPath: m_LocalRotation.y
      value: -0.07408098
      objectReference: {fileID: 0}
    - target: {fileID: 400002, guid: 371d3425353fbd74f927b386d74d4eff, type: 3}
      propertyPath: m_LocalRotation.z
      value: 0.022172773
      objectReference: {fileID: 0}
    - target: {fileID: 400002, guid: 371d3425353fbd74f927b386d74d4eff, type: 3}
      propertyPath: m_LocalEulerAnglesHint.x
      value: -8.835
      objectReference: {fileID: 0}
    - target: {fileID: 400002, guid: 371d3425353fbd74f927b386d74d4eff, type: 3}
      propertyPath: m_LocalEulerAnglesHint.y
      value: -8.547
      objectReference: {fileID: 0}
    - target: {fileID: 400002, guid: 371d3425353fbd74f927b386d74d4eff, type: 3}
      propertyPath: m_LocalEulerAnglesHint.z
      value: 3.1460001
      objectReference: {fileID: 0}
    - target: {fileID: 2300000, guid: 371d3425353fbd74f927b386d74d4eff, type: 3}
      propertyPath: m_Materials.Array.data[0]
      value: 
      objectReference: {fileID: 2100000, guid: 16d37c33eb1f38e4fb1cf72191e9ef03, type: 2}
    - target: {fileID: 2300002, guid: 371d3425353fbd74f927b386d74d4eff, type: 3}
      propertyPath: m_Materials.Array.data[0]
      value: 
      objectReference: {fileID: 2100000, guid: 854929c6a90467543b32b4c44a6fdb3b, type: 2}
    m_RemovedComponents: []
  m_SourcePrefab: {fileID: 100100000, guid: 371d3425353fbd74f927b386d74d4eff, type: 3}
--- !u!4 &5106426997498686197 stripped
Transform:
  m_CorrespondingSourceObject: {fileID: 400002, guid: 371d3425353fbd74f927b386d74d4eff, type: 3}
  m_PrefabInstance: {fileID: 5106426997498294391}
  m_PrefabAsset: {fileID: 0}
--- !u!1001 &5106426997842450392
PrefabInstance:
  m_ObjectHideFlags: 0
  serializedVersion: 2
  m_Modification:
    m_TransformParent: {fileID: 5106426998300032875}
    m_Modifications:
    - target: {fileID: 100002, guid: 8dfb3bdf788cbc345a338b5bd53d276b, type: 3}
      propertyPath: m_Name
      value: Tree (1)
      objectReference: {fileID: 0}
    - target: {fileID: 100002, guid: 8dfb3bdf788cbc345a338b5bd53d276b, type: 3}
      propertyPath: m_StaticEditorFlags
      value: 4294967295
      objectReference: {fileID: 0}
    - target: {fileID: 400002, guid: 8dfb3bdf788cbc345a338b5bd53d276b, type: 3}
      propertyPath: m_RootOrder
      value: 2
      objectReference: {fileID: 0}
    - target: {fileID: 400002, guid: 8dfb3bdf788cbc345a338b5bd53d276b, type: 3}
      propertyPath: m_LocalScale.x
      value: 0.93400717
      objectReference: {fileID: 0}
    - target: {fileID: 400002, guid: 8dfb3bdf788cbc345a338b5bd53d276b, type: 3}
      propertyPath: m_LocalScale.y
      value: 0.93400705
      objectReference: {fileID: 0}
    - target: {fileID: 400002, guid: 8dfb3bdf788cbc345a338b5bd53d276b, type: 3}
      propertyPath: m_LocalScale.z
      value: 0.9340069
      objectReference: {fileID: 0}
    - target: {fileID: 400002, guid: 8dfb3bdf788cbc345a338b5bd53d276b, type: 3}
      propertyPath: m_LocalPosition.x
      value: -0.98
      objectReference: {fileID: 0}
    - target: {fileID: 400002, guid: 8dfb3bdf788cbc345a338b5bd53d276b, type: 3}
      propertyPath: m_LocalPosition.y
      value: 0.18
      objectReference: {fileID: 0}
    - target: {fileID: 400002, guid: 8dfb3bdf788cbc345a338b5bd53d276b, type: 3}
      propertyPath: m_LocalPosition.z
      value: 0.19
      objectReference: {fileID: 0}
    - target: {fileID: 400002, guid: 8dfb3bdf788cbc345a338b5bd53d276b, type: 3}
      propertyPath: m_LocalRotation.w
      value: -0.43355334
      objectReference: {fileID: 0}
    - target: {fileID: 400002, guid: 8dfb3bdf788cbc345a338b5bd53d276b, type: 3}
      propertyPath: m_LocalRotation.x
      value: 0.49209404
      objectReference: {fileID: 0}
    - target: {fileID: 400002, guid: 8dfb3bdf788cbc345a338b5bd53d276b, type: 3}
      propertyPath: m_LocalRotation.y
      value: 0.47375435
      objectReference: {fileID: 0}
    - target: {fileID: 400002, guid: 8dfb3bdf788cbc345a338b5bd53d276b, type: 3}
      propertyPath: m_LocalRotation.z
      value: 0.58773446
      objectReference: {fileID: 0}
    - target: {fileID: 400002, guid: 8dfb3bdf788cbc345a338b5bd53d276b, type: 3}
      propertyPath: m_LocalEulerAnglesHint.x
      value: -79.58
      objectReference: {fileID: 0}
    - target: {fileID: 400002, guid: 8dfb3bdf788cbc345a338b5bd53d276b, type: 3}
      propertyPath: m_LocalEulerAnglesHint.y
      value: 428.529
      objectReference: {fileID: 0}
    - target: {fileID: 400002, guid: 8dfb3bdf788cbc345a338b5bd53d276b, type: 3}
      propertyPath: m_LocalEulerAnglesHint.z
      value: -166.399
      objectReference: {fileID: 0}
    - target: {fileID: 2300004, guid: 8dfb3bdf788cbc345a338b5bd53d276b, type: 3}
      propertyPath: m_Materials.Array.data[0]
      value: 
      objectReference: {fileID: 2100000, guid: 854929c6a90467543b32b4c44a6fdb3b, type: 2}
    m_RemovedComponents: []
  m_SourcePrefab: {fileID: 100100000, guid: 8dfb3bdf788cbc345a338b5bd53d276b, type: 3}
--- !u!4 &5106426997842316634 stripped
Transform:
  m_CorrespondingSourceObject: {fileID: 400002, guid: 8dfb3bdf788cbc345a338b5bd53d276b, type: 3}
  m_PrefabInstance: {fileID: 5106426997842450392}
  m_PrefabAsset: {fileID: 0}
--- !u!1001 &5106426997867341370
PrefabInstance:
  m_ObjectHideFlags: 0
  serializedVersion: 2
  m_Modification:
    m_TransformParent: {fileID: 5106426998935386262}
    m_Modifications:
    - target: {fileID: 100002, guid: 8dfb3bdf788cbc345a338b5bd53d276b, type: 3}
      propertyPath: m_StaticEditorFlags
      value: 4294967295
      objectReference: {fileID: 0}
    - target: {fileID: 400002, guid: 8dfb3bdf788cbc345a338b5bd53d276b, type: 3}
      propertyPath: m_RootOrder
      value: 1
      objectReference: {fileID: 0}
    - target: {fileID: 400002, guid: 8dfb3bdf788cbc345a338b5bd53d276b, type: 3}
      propertyPath: m_LocalScale.x
      value: 1.417949
      objectReference: {fileID: 0}
    - target: {fileID: 400002, guid: 8dfb3bdf788cbc345a338b5bd53d276b, type: 3}
      propertyPath: m_LocalScale.y
      value: 1.4179491
      objectReference: {fileID: 0}
    - target: {fileID: 400002, guid: 8dfb3bdf788cbc345a338b5bd53d276b, type: 3}
      propertyPath: m_LocalScale.z
      value: 1.4179488
      objectReference: {fileID: 0}
    - target: {fileID: 400002, guid: 8dfb3bdf788cbc345a338b5bd53d276b, type: 3}
      propertyPath: m_LocalPosition.x
      value: -1.8903389
      objectReference: {fileID: 0}
    - target: {fileID: 400002, guid: 8dfb3bdf788cbc345a338b5bd53d276b, type: 3}
      propertyPath: m_LocalPosition.y
      value: 0.0684729
      objectReference: {fileID: 0}
    - target: {fileID: 400002, guid: 8dfb3bdf788cbc345a338b5bd53d276b, type: 3}
      propertyPath: m_LocalPosition.z
      value: -0.43230003
      objectReference: {fileID: 0}
    - target: {fileID: 400002, guid: 8dfb3bdf788cbc345a338b5bd53d276b, type: 3}
      propertyPath: m_LocalRotation.w
      value: 0.14442654
      objectReference: {fileID: 0}
    - target: {fileID: 400002, guid: 8dfb3bdf788cbc345a338b5bd53d276b, type: 3}
      propertyPath: m_LocalRotation.x
      value: -0.2266356
      objectReference: {fileID: 0}
    - target: {fileID: 400002, guid: 8dfb3bdf788cbc345a338b5bd53d276b, type: 3}
      propertyPath: m_LocalRotation.y
      value: 0.6880728
      objectReference: {fileID: 0}
    - target: {fileID: 400002, guid: 8dfb3bdf788cbc345a338b5bd53d276b, type: 3}
      propertyPath: m_LocalRotation.z
      value: 0.67404234
      objectReference: {fileID: 0}
    - target: {fileID: 400002, guid: 8dfb3bdf788cbc345a338b5bd53d276b, type: 3}
      propertyPath: m_LocalEulerAnglesHint.x
      value: -83.216
      objectReference: {fileID: 0}
    - target: {fileID: 400002, guid: 8dfb3bdf788cbc345a338b5bd53d276b, type: 3}
      propertyPath: m_LocalEulerAnglesHint.y
      value: 245.249
      objectReference: {fileID: 0}
    - target: {fileID: 400002, guid: 8dfb3bdf788cbc345a338b5bd53d276b, type: 3}
      propertyPath: m_LocalEulerAnglesHint.z
      value: -95.397
      objectReference: {fileID: 0}
    - target: {fileID: 2300004, guid: 8dfb3bdf788cbc345a338b5bd53d276b, type: 3}
      propertyPath: m_Materials.Array.data[0]
      value: 
      objectReference: {fileID: 2100000, guid: 854929c6a90467543b32b4c44a6fdb3b, type: 2}
    m_RemovedComponents: []
  m_SourcePrefab: {fileID: 100100000, guid: 8dfb3bdf788cbc345a338b5bd53d276b, type: 3}
--- !u!4 &5106426997867740344 stripped
Transform:
  m_CorrespondingSourceObject: {fileID: 400002, guid: 8dfb3bdf788cbc345a338b5bd53d276b, type: 3}
  m_PrefabInstance: {fileID: 5106426997867341370}
  m_PrefabAsset: {fileID: 0}
--- !u!1001 &5106426998052317054
PrefabInstance:
  m_ObjectHideFlags: 0
  serializedVersion: 2
  m_Modification:
    m_TransformParent: {fileID: 5106426998935139217}
    m_Modifications:
    - target: {fileID: 100000, guid: 535210f1f9844ba4ab27b9972762c159, type: 3}
      propertyPath: m_Name
      value: Bush (2)
      objectReference: {fileID: 0}
    - target: {fileID: 100000, guid: 535210f1f9844ba4ab27b9972762c159, type: 3}
      propertyPath: m_StaticEditorFlags
      value: 4294967295
      objectReference: {fileID: 0}
    - target: {fileID: 400000, guid: 535210f1f9844ba4ab27b9972762c159, type: 3}
      propertyPath: m_RootOrder
      value: 2
      objectReference: {fileID: 0}
    - target: {fileID: 400000, guid: 535210f1f9844ba4ab27b9972762c159, type: 3}
      propertyPath: m_LocalScale.x
      value: 0.7769286
      objectReference: {fileID: 0}
    - target: {fileID: 400000, guid: 535210f1f9844ba4ab27b9972762c159, type: 3}
      propertyPath: m_LocalScale.y
      value: 0.77692795
      objectReference: {fileID: 0}
    - target: {fileID: 400000, guid: 535210f1f9844ba4ab27b9972762c159, type: 3}
      propertyPath: m_LocalScale.z
      value: 0.77692795
      objectReference: {fileID: 0}
    - target: {fileID: 400000, guid: 535210f1f9844ba4ab27b9972762c159, type: 3}
      propertyPath: m_LocalPosition.x
      value: -2.673606
      objectReference: {fileID: 0}
    - target: {fileID: 400000, guid: 535210f1f9844ba4ab27b9972762c159, type: 3}
      propertyPath: m_LocalPosition.y
      value: -0.67
      objectReference: {fileID: 0}
    - target: {fileID: 400000, guid: 535210f1f9844ba4ab27b9972762c159, type: 3}
      propertyPath: m_LocalPosition.z
      value: -0.020896688
      objectReference: {fileID: 0}
    - target: {fileID: 400000, guid: 535210f1f9844ba4ab27b9972762c159, type: 3}
      propertyPath: m_LocalRotation.w
      value: 0.7120105
      objectReference: {fileID: 0}
    - target: {fileID: 400000, guid: 535210f1f9844ba4ab27b9972762c159, type: 3}
      propertyPath: m_LocalRotation.x
      value: -0.6042146
      objectReference: {fileID: 0}
    - target: {fileID: 400000, guid: 535210f1f9844ba4ab27b9972762c159, type: 3}
      propertyPath: m_LocalRotation.y
      value: 0.24547313
      objectReference: {fileID: 0}
    - target: {fileID: 400000, guid: 535210f1f9844ba4ab27b9972762c159, type: 3}
      propertyPath: m_LocalRotation.z
      value: 0.26020893
      objectReference: {fileID: 0}
    - target: {fileID: 400000, guid: 535210f1f9844ba4ab27b9972762c159, type: 3}
      propertyPath: m_LocalEulerAnglesHint.x
      value: -81.152
      objectReference: {fileID: 0}
    - target: {fileID: 400000, guid: 535210f1f9844ba4ab27b9972762c159, type: 3}
      propertyPath: m_LocalEulerAnglesHint.y
      value: 12.935
      objectReference: {fileID: 0}
    - target: {fileID: 400000, guid: 535210f1f9844ba4ab27b9972762c159, type: 3}
      propertyPath: m_LocalEulerAnglesHint.z
      value: 28.768002
      objectReference: {fileID: 0}
    - target: {fileID: 2300000, guid: 535210f1f9844ba4ab27b9972762c159, type: 3}
      propertyPath: m_Materials.Array.data[0]
      value: 
      objectReference: {fileID: 2100000, guid: 606d0665b57392b48b35f760c205dc21, type: 2}
    m_RemovedComponents: []
  m_SourcePrefab: {fileID: 100100000, guid: 535210f1f9844ba4ab27b9972762c159, type: 3}
--- !u!4 &5106426998051929598 stripped
Transform:
  m_CorrespondingSourceObject: {fileID: 400000, guid: 535210f1f9844ba4ab27b9972762c159, type: 3}
  m_PrefabInstance: {fileID: 5106426998052317054}
  m_PrefabAsset: {fileID: 0}
--- !u!1001 &5106426998163069058
PrefabInstance:
  m_ObjectHideFlags: 0
  serializedVersion: 2
  m_Modification:
    m_TransformParent: {fileID: 5106426998300032875}
    m_Modifications:
    - target: {fileID: 100000, guid: 371d3425353fbd74f927b386d74d4eff, type: 3}
      propertyPath: m_StaticEditorFlags
      value: 4294967295
      objectReference: {fileID: 0}
    - target: {fileID: 100002, guid: 371d3425353fbd74f927b386d74d4eff, type: 3}
      propertyPath: m_StaticEditorFlags
      value: 4294967295
      objectReference: {fileID: 0}
    - target: {fileID: 100004, guid: 371d3425353fbd74f927b386d74d4eff, type: 3}
      propertyPath: m_StaticEditorFlags
      value: 4294967295
      objectReference: {fileID: 0}
    - target: {fileID: 400002, guid: 371d3425353fbd74f927b386d74d4eff, type: 3}
      propertyPath: m_RootOrder
      value: 0
      objectReference: {fileID: 0}
    - target: {fileID: 400002, guid: 371d3425353fbd74f927b386d74d4eff, type: 3}
      propertyPath: m_LocalPosition.x
      value: -0.05762758
      objectReference: {fileID: 0}
    - target: {fileID: 400002, guid: 371d3425353fbd74f927b386d74d4eff, type: 3}
      propertyPath: m_LocalPosition.y
      value: -0.054541543
      objectReference: {fileID: 0}
    - target: {fileID: 400002, guid: 371d3425353fbd74f927b386d74d4eff, type: 3}
      propertyPath: m_LocalPosition.z
      value: -0.38857046
      objectReference: {fileID: 0}
    - target: {fileID: 400002, guid: 371d3425353fbd74f927b386d74d4eff, type: 3}
      propertyPath: m_LocalRotation.w
      value: 0.9938396
      objectReference: {fileID: 0}
    - target: {fileID: 400002, guid: 371d3425353fbd74f927b386d74d4eff, type: 3}
      propertyPath: m_LocalRotation.x
      value: -0.07939293
      objectReference: {fileID: 0}
    - target: {fileID: 400002, guid: 371d3425353fbd74f927b386d74d4eff, type: 3}
      propertyPath: m_LocalRotation.y
      value: -0.07408098
      objectReference: {fileID: 0}
    - target: {fileID: 400002, guid: 371d3425353fbd74f927b386d74d4eff, type: 3}
      propertyPath: m_LocalRotation.z
      value: 0.022172773
      objectReference: {fileID: 0}
    - target: {fileID: 400002, guid: 371d3425353fbd74f927b386d74d4eff, type: 3}
      propertyPath: m_LocalEulerAnglesHint.x
      value: -8.835
      objectReference: {fileID: 0}
    - target: {fileID: 400002, guid: 371d3425353fbd74f927b386d74d4eff, type: 3}
      propertyPath: m_LocalEulerAnglesHint.y
      value: -8.547
      objectReference: {fileID: 0}
    - target: {fileID: 400002, guid: 371d3425353fbd74f927b386d74d4eff, type: 3}
      propertyPath: m_LocalEulerAnglesHint.z
      value: 3.1460001
      objectReference: {fileID: 0}
    - target: {fileID: 2300000, guid: 371d3425353fbd74f927b386d74d4eff, type: 3}
      propertyPath: m_Materials.Array.data[0]
      value: 
      objectReference: {fileID: 2100000, guid: 16d37c33eb1f38e4fb1cf72191e9ef03, type: 2}
    - target: {fileID: 2300002, guid: 371d3425353fbd74f927b386d74d4eff, type: 3}
      propertyPath: m_Materials.Array.data[0]
      value: 
      objectReference: {fileID: 2100000, guid: 854929c6a90467543b32b4c44a6fdb3b, type: 2}
    m_RemovedComponents: []
  m_SourcePrefab: {fileID: 100100000, guid: 371d3425353fbd74f927b386d74d4eff, type: 3}
--- !u!4 &5106426998163456512 stripped
Transform:
  m_CorrespondingSourceObject: {fileID: 400002, guid: 371d3425353fbd74f927b386d74d4eff, type: 3}
  m_PrefabInstance: {fileID: 5106426998163069058}
  m_PrefabAsset: {fileID: 0}
--- !u!1001 &5106426998170683138
PrefabInstance:
  m_ObjectHideFlags: 0
  serializedVersion: 2
  m_Modification:
    m_TransformParent: {fileID: 5106426998935139217}
    m_Modifications:
    - target: {fileID: 100000, guid: 535210f1f9844ba4ab27b9972762c159, type: 3}
      propertyPath: m_StaticEditorFlags
      value: 4294967295
      objectReference: {fileID: 0}
    - target: {fileID: 400000, guid: 535210f1f9844ba4ab27b9972762c159, type: 3}
      propertyPath: m_RootOrder
      value: 0
      objectReference: {fileID: 0}
    - target: {fileID: 400000, guid: 535210f1f9844ba4ab27b9972762c159, type: 3}
      propertyPath: m_LocalScale.x
      value: 1
      objectReference: {fileID: 0}
    - target: {fileID: 400000, guid: 535210f1f9844ba4ab27b9972762c159, type: 3}
      propertyPath: m_LocalScale.y
      value: 1
      objectReference: {fileID: 0}
    - target: {fileID: 400000, guid: 535210f1f9844ba4ab27b9972762c159, type: 3}
      propertyPath: m_LocalScale.z
      value: 1
      objectReference: {fileID: 0}
    - target: {fileID: 400000, guid: 535210f1f9844ba4ab27b9972762c159, type: 3}
      propertyPath: m_LocalPosition.x
      value: -1.61
      objectReference: {fileID: 0}
    - target: {fileID: 400000, guid: 535210f1f9844ba4ab27b9972762c159, type: 3}
      propertyPath: m_LocalPosition.y
      value: -0.66
      objectReference: {fileID: 0}
    - target: {fileID: 400000, guid: 535210f1f9844ba4ab27b9972762c159, type: 3}
      propertyPath: m_LocalPosition.z
      value: -2.37
      objectReference: {fileID: 0}
    - target: {fileID: 400000, guid: 535210f1f9844ba4ab27b9972762c159, type: 3}
      propertyPath: m_LocalRotation.w
      value: 0.7071067
      objectReference: {fileID: 0}
    - target: {fileID: 400000, guid: 535210f1f9844ba4ab27b9972762c159, type: 3}
      propertyPath: m_LocalRotation.x
      value: -0.7071068
      objectReference: {fileID: 0}
    - target: {fileID: 400000, guid: 535210f1f9844ba4ab27b9972762c159, type: 3}
      propertyPath: m_LocalRotation.y
      value: 0
      objectReference: {fileID: 0}
    - target: {fileID: 400000, guid: 535210f1f9844ba4ab27b9972762c159, type: 3}
      propertyPath: m_LocalRotation.z
      value: -0
      objectReference: {fileID: 0}
    - target: {fileID: 2300000, guid: 535210f1f9844ba4ab27b9972762c159, type: 3}
      propertyPath: m_Materials.Array.data[0]
      value: 
      objectReference: {fileID: 2100000, guid: 606d0665b57392b48b35f760c205dc21, type: 2}
    m_RemovedComponents: []
  m_SourcePrefab: {fileID: 100100000, guid: 535210f1f9844ba4ab27b9972762c159, type: 3}
--- !u!4 &5106426998170557826 stripped
Transform:
  m_CorrespondingSourceObject: {fileID: 400000, guid: 535210f1f9844ba4ab27b9972762c159, type: 3}
  m_PrefabInstance: {fileID: 5106426998170683138}
  m_PrefabAsset: {fileID: 0}
--- !u!1001 &5106426998172856898
PrefabInstance:
  m_ObjectHideFlags: 0
  serializedVersion: 2
  m_Modification:
    m_TransformParent: {fileID: 5106426997496120971}
    m_Modifications:
    - target: {fileID: 100002, guid: 8dfb3bdf788cbc345a338b5bd53d276b, type: 3}
      propertyPath: m_Name
      value: Tree (1)
      objectReference: {fileID: 0}
    - target: {fileID: 100002, guid: 8dfb3bdf788cbc345a338b5bd53d276b, type: 3}
      propertyPath: m_StaticEditorFlags
      value: 4294967295
      objectReference: {fileID: 0}
    - target: {fileID: 400002, guid: 8dfb3bdf788cbc345a338b5bd53d276b, type: 3}
      propertyPath: m_RootOrder
      value: 1
      objectReference: {fileID: 0}
    - target: {fileID: 400002, guid: 8dfb3bdf788cbc345a338b5bd53d276b, type: 3}
      propertyPath: m_LocalScale.x
      value: 0.93400717
      objectReference: {fileID: 0}
    - target: {fileID: 400002, guid: 8dfb3bdf788cbc345a338b5bd53d276b, type: 3}
      propertyPath: m_LocalScale.y
      value: 0.93400705
      objectReference: {fileID: 0}
    - target: {fileID: 400002, guid: 8dfb3bdf788cbc345a338b5bd53d276b, type: 3}
      propertyPath: m_LocalScale.z
      value: 0.9340069
      objectReference: {fileID: 0}
    - target: {fileID: 400002, guid: 8dfb3bdf788cbc345a338b5bd53d276b, type: 3}
      propertyPath: m_LocalPosition.x
      value: 0.23
      objectReference: {fileID: 0}
    - target: {fileID: 400002, guid: 8dfb3bdf788cbc345a338b5bd53d276b, type: 3}
      propertyPath: m_LocalPosition.y
      value: -0.28
      objectReference: {fileID: 0}
    - target: {fileID: 400002, guid: 8dfb3bdf788cbc345a338b5bd53d276b, type: 3}
      propertyPath: m_LocalPosition.z
      value: -2.77
      objectReference: {fileID: 0}
    - target: {fileID: 400002, guid: 8dfb3bdf788cbc345a338b5bd53d276b, type: 3}
      propertyPath: m_LocalRotation.w
      value: -0.20566723
      objectReference: {fileID: 0}
    - target: {fileID: 400002, guid: 8dfb3bdf788cbc345a338b5bd53d276b, type: 3}
      propertyPath: m_LocalRotation.x
      value: 0.17098324
      objectReference: {fileID: 0}
    - target: {fileID: 400002, guid: 8dfb3bdf788cbc345a338b5bd53d276b, type: 3}
      propertyPath: m_LocalRotation.y
      value: 0.73149675
      objectReference: {fileID: 0}
    - target: {fileID: 400002, guid: 8dfb3bdf788cbc345a338b5bd53d276b, type: 3}
      propertyPath: m_LocalRotation.z
      value: 0.62719876
      objectReference: {fileID: 0}
    - target: {fileID: 400002, guid: 8dfb3bdf788cbc345a338b5bd53d276b, type: 3}
      propertyPath: m_LocalEulerAnglesHint.x
      value: -81.062004
      objectReference: {fileID: 0}
    - target: {fileID: 400002, guid: 8dfb3bdf788cbc345a338b5bd53d276b, type: 3}
      propertyPath: m_LocalEulerAnglesHint.y
      value: 214.06099
      objectReference: {fileID: 0}
    - target: {fileID: 400002, guid: 8dfb3bdf788cbc345a338b5bd53d276b, type: 3}
      propertyPath: m_LocalEulerAnglesHint.z
      value: -2.8160002
      objectReference: {fileID: 0}
    - target: {fileID: 2300004, guid: 8dfb3bdf788cbc345a338b5bd53d276b, type: 3}
      propertyPath: m_Materials.Array.data[0]
      value: 
      objectReference: {fileID: 2100000, guid: 854929c6a90467543b32b4c44a6fdb3b, type: 2}
    m_RemovedComponents: []
  m_SourcePrefab: {fileID: 100100000, guid: 8dfb3bdf788cbc345a338b5bd53d276b, type: 3}
--- !u!4 &5106426998172461248 stripped
Transform:
  m_CorrespondingSourceObject: {fileID: 400002, guid: 8dfb3bdf788cbc345a338b5bd53d276b, type: 3}
  m_PrefabInstance: {fileID: 5106426998172856898}
  m_PrefabAsset: {fileID: 0}
--- !u!1001 &5106426998188611191
PrefabInstance:
  m_ObjectHideFlags: 0
  serializedVersion: 2
  m_Modification:
    m_TransformParent: {fileID: 5106426998935139217}
    m_Modifications:
    - target: {fileID: 100000, guid: 535210f1f9844ba4ab27b9972762c159, type: 3}
      propertyPath: m_Name
      value: Bush (4)
      objectReference: {fileID: 0}
    - target: {fileID: 100000, guid: 535210f1f9844ba4ab27b9972762c159, type: 3}
      propertyPath: m_StaticEditorFlags
      value: 4294967295
      objectReference: {fileID: 0}
    - target: {fileID: 400000, guid: 535210f1f9844ba4ab27b9972762c159, type: 3}
      propertyPath: m_RootOrder
      value: 4
      objectReference: {fileID: 0}
    - target: {fileID: 400000, guid: 535210f1f9844ba4ab27b9972762c159, type: 3}
      propertyPath: m_LocalScale.x
      value: 0.7627801
      objectReference: {fileID: 0}
    - target: {fileID: 400000, guid: 535210f1f9844ba4ab27b9972762c159, type: 3}
      propertyPath: m_LocalScale.y
      value: 0.76277965
      objectReference: {fileID: 0}
    - target: {fileID: 400000, guid: 535210f1f9844ba4ab27b9972762c159, type: 3}
      propertyPath: m_LocalScale.z
      value: 0.7627794
      objectReference: {fileID: 0}
    - target: {fileID: 400000, guid: 535210f1f9844ba4ab27b9972762c159, type: 3}
      propertyPath: m_LocalPosition.x
      value: -0.5376245
      objectReference: {fileID: 0}
    - target: {fileID: 400000, guid: 535210f1f9844ba4ab27b9972762c159, type: 3}
      propertyPath: m_LocalPosition.y
      value: -0.08
      objectReference: {fileID: 0}
    - target: {fileID: 400000, guid: 535210f1f9844ba4ab27b9972762c159, type: 3}
      propertyPath: m_LocalPosition.z
      value: 4.3
      objectReference: {fileID: 0}
    - target: {fileID: 400000, guid: 535210f1f9844ba4ab27b9972762c159, type: 3}
      propertyPath: m_LocalRotation.w
      value: 0.5785783
      objectReference: {fileID: 0}
    - target: {fileID: 400000, guid: 535210f1f9844ba4ab27b9972762c159, type: 3}
      propertyPath: m_LocalRotation.x
      value: -0.608306
      objectReference: {fileID: 0}
    - target: {fileID: 400000, guid: 535210f1f9844ba4ab27b9972762c159, type: 3}
      propertyPath: m_LocalRotation.y
      value: 0.4515371
      objectReference: {fileID: 0}
    - target: {fileID: 400000, guid: 535210f1f9844ba4ab27b9972762c159, type: 3}
      propertyPath: m_LocalRotation.z
      value: 0.30220076
      objectReference: {fileID: 0}
    - target: {fileID: 400000, guid: 535210f1f9844ba4ab27b9972762c159, type: 3}
      propertyPath: m_LocalEulerAnglesHint.x
      value: -77.614006
      objectReference: {fileID: 0}
    - target: {fileID: 400000, guid: 535210f1f9844ba4ab27b9972762c159, type: 3}
      propertyPath: m_LocalEulerAnglesHint.y
      value: 133.645
      objectReference: {fileID: 0}
    - target: {fileID: 400000, guid: 535210f1f9844ba4ab27b9972762c159, type: 3}
      propertyPath: m_LocalEulerAnglesHint.z
      value: -69.106
      objectReference: {fileID: 0}
    - target: {fileID: 2300000, guid: 535210f1f9844ba4ab27b9972762c159, type: 3}
      propertyPath: m_Materials.Array.data[0]
      value: 
      objectReference: {fileID: 2100000, guid: 606d0665b57392b48b35f760c205dc21, type: 2}
    m_RemovedComponents: []
  m_SourcePrefab: {fileID: 100100000, guid: 535210f1f9844ba4ab27b9972762c159, type: 3}
--- !u!4 &5106426998188215543 stripped
Transform:
  m_CorrespondingSourceObject: {fileID: 400000, guid: 535210f1f9844ba4ab27b9972762c159, type: 3}
  m_PrefabInstance: {fileID: 5106426998188611191}
  m_PrefabAsset: {fileID: 0}
--- !u!1001 &5106426998309324419
PrefabInstance:
  m_ObjectHideFlags: 0
  serializedVersion: 2
  m_Modification:
    m_TransformParent: {fileID: 5106426998935139217}
    m_Modifications:
    - target: {fileID: 100000, guid: 535210f1f9844ba4ab27b9972762c159, type: 3}
      propertyPath: m_Name
      value: Bush (5)
      objectReference: {fileID: 0}
    - target: {fileID: 100000, guid: 535210f1f9844ba4ab27b9972762c159, type: 3}
      propertyPath: m_StaticEditorFlags
      value: 4294967295
      objectReference: {fileID: 0}
    - target: {fileID: 400000, guid: 535210f1f9844ba4ab27b9972762c159, type: 3}
      propertyPath: m_RootOrder
      value: 5
      objectReference: {fileID: 0}
    - target: {fileID: 400000, guid: 535210f1f9844ba4ab27b9972762c159, type: 3}
      propertyPath: m_LocalScale.x
      value: 0.4984245
      objectReference: {fileID: 0}
    - target: {fileID: 400000, guid: 535210f1f9844ba4ab27b9972762c159, type: 3}
      propertyPath: m_LocalScale.y
      value: 0.49842435
      objectReference: {fileID: 0}
    - target: {fileID: 400000, guid: 535210f1f9844ba4ab27b9972762c159, type: 3}
      propertyPath: m_LocalScale.z
      value: 0.49842423
      objectReference: {fileID: 0}
    - target: {fileID: 400000, guid: 535210f1f9844ba4ab27b9972762c159, type: 3}
      propertyPath: m_LocalPosition.x
      value: 0.2035895
      objectReference: {fileID: 0}
    - target: {fileID: 400000, guid: 535210f1f9844ba4ab27b9972762c159, type: 3}
      propertyPath: m_LocalPosition.y
      value: -0.29254842
      objectReference: {fileID: 0}
    - target: {fileID: 400000, guid: 535210f1f9844ba4ab27b9972762c159, type: 3}
      propertyPath: m_LocalPosition.z
      value: 4.351347
      objectReference: {fileID: 0}
    - target: {fileID: 400000, guid: 535210f1f9844ba4ab27b9972762c159, type: 3}
      propertyPath: m_LocalRotation.w
      value: 0.5890411
      objectReference: {fileID: 0}
    - target: {fileID: 400000, guid: 535210f1f9844ba4ab27b9972762c159, type: 3}
      propertyPath: m_LocalRotation.x
      value: -0.68681985
      objectReference: {fileID: 0}
    - target: {fileID: 400000, guid: 535210f1f9844ba4ab27b9972762c159, type: 3}
      propertyPath: m_LocalRotation.y
      value: 0.31875
      objectReference: {fileID: 0}
    - target: {fileID: 400000, guid: 535210f1f9844ba4ab27b9972762c159, type: 3}
      propertyPath: m_LocalRotation.z
      value: 0.28232518
      objectReference: {fileID: 0}
    - target: {fileID: 400000, guid: 535210f1f9844ba4ab27b9972762c159, type: 3}
      propertyPath: m_LocalEulerAnglesHint.x
      value: -81.51401
      objectReference: {fileID: 0}
    - target: {fileID: 400000, guid: 535210f1f9844ba4ab27b9972762c159, type: 3}
      propertyPath: m_LocalEulerAnglesHint.y
      value: 184.65799
      objectReference: {fileID: 0}
    - target: {fileID: 400000, guid: 535210f1f9844ba4ab27b9972762c159, type: 3}
      propertyPath: m_LocalEulerAnglesHint.z
      value: -134.212
      objectReference: {fileID: 0}
    - target: {fileID: 2300000, guid: 535210f1f9844ba4ab27b9972762c159, type: 3}
      propertyPath: m_Materials.Array.data[0]
      value: 
      objectReference: {fileID: 2100000, guid: 606d0665b57392b48b35f760c205dc21, type: 2}
    m_RemovedComponents: []
  m_SourcePrefab: {fileID: 100100000, guid: 535210f1f9844ba4ab27b9972762c159, type: 3}
--- !u!4 &5106426998309723139 stripped
Transform:
  m_CorrespondingSourceObject: {fileID: 400000, guid: 535210f1f9844ba4ab27b9972762c159, type: 3}
  m_PrefabInstance: {fileID: 5106426998309324419}
  m_PrefabAsset: {fileID: 0}
--- !u!1001 &5106426998336360365
PrefabInstance:
  m_ObjectHideFlags: 0
  serializedVersion: 2
  m_Modification:
    m_TransformParent: {fileID: 5106426998935139217}
    m_Modifications:
    - target: {fileID: 100000, guid: 535210f1f9844ba4ab27b9972762c159, type: 3}
      propertyPath: m_Name
      value: Bush (3)
      objectReference: {fileID: 0}
    - target: {fileID: 100000, guid: 535210f1f9844ba4ab27b9972762c159, type: 3}
      propertyPath: m_StaticEditorFlags
      value: 4294967295
      objectReference: {fileID: 0}
    - target: {fileID: 400000, guid: 535210f1f9844ba4ab27b9972762c159, type: 3}
      propertyPath: m_RootOrder
      value: 3
      objectReference: {fileID: 0}
    - target: {fileID: 400000, guid: 535210f1f9844ba4ab27b9972762c159, type: 3}
      propertyPath: m_LocalScale.x
      value: 0.598235
      objectReference: {fileID: 0}
    - target: {fileID: 400000, guid: 535210f1f9844ba4ab27b9972762c159, type: 3}
      propertyPath: m_LocalScale.y
      value: 0.59823453
      objectReference: {fileID: 0}
    - target: {fileID: 400000, guid: 535210f1f9844ba4ab27b9972762c159, type: 3}
      propertyPath: m_LocalScale.z
      value: 0.59823436
      objectReference: {fileID: 0}
    - target: {fileID: 400000, guid: 535210f1f9844ba4ab27b9972762c159, type: 3}
      propertyPath: m_LocalPosition.x
      value: 0.2803201
      objectReference: {fileID: 0}
    - target: {fileID: 400000, guid: 535210f1f9844ba4ab27b9972762c159, type: 3}
      propertyPath: m_LocalPosition.y
      value: -0.79
      objectReference: {fileID: 0}
    - target: {fileID: 400000, guid: 535210f1f9844ba4ab27b9972762c159, type: 3}
      propertyPath: m_LocalPosition.z
      value: -2.4233649
      objectReference: {fileID: 0}
    - target: {fileID: 400000, guid: 535210f1f9844ba4ab27b9972762c159, type: 3}
      propertyPath: m_LocalRotation.w
      value: 0.6839602
      objectReference: {fileID: 0}
    - target: {fileID: 400000, guid: 535210f1f9844ba4ab27b9972762c159, type: 3}
      propertyPath: m_LocalRotation.x
      value: -0.55779535
      objectReference: {fileID: 0}
    - target: {fileID: 400000, guid: 535210f1f9844ba4ab27b9972762c159, type: 3}
      propertyPath: m_LocalRotation.y
      value: 0.39012295
      objectReference: {fileID: 0}
    - target: {fileID: 400000, guid: 535210f1f9844ba4ab27b9972762c159, type: 3}
      propertyPath: m_LocalRotation.z
      value: 0.26242518
      objectReference: {fileID: 0}
    - target: {fileID: 400000, guid: 535210f1f9844ba4ab27b9972762c159, type: 3}
      propertyPath: m_LocalEulerAnglesHint.x
      value: -75.39101
      objectReference: {fileID: 0}
    - target: {fileID: 400000, guid: 535210f1f9844ba4ab27b9972762c159, type: 3}
      propertyPath: m_LocalEulerAnglesHint.y
      value: 73.37701
      objectReference: {fileID: 0}
    - target: {fileID: 400000, guid: 535210f1f9844ba4ab27b9972762c159, type: 3}
      propertyPath: m_LocalEulerAnglesHint.z
      value: -17.318
      objectReference: {fileID: 0}
    - target: {fileID: 2300000, guid: 535210f1f9844ba4ab27b9972762c159, type: 3}
      propertyPath: m_Materials.Array.data[0]
      value: 
      objectReference: {fileID: 2100000, guid: 606d0665b57392b48b35f760c205dc21, type: 2}
    m_RemovedComponents: []
  m_SourcePrefab: {fileID: 100100000, guid: 535210f1f9844ba4ab27b9972762c159, type: 3}
--- !u!4 &5106426998336230701 stripped
Transform:
  m_CorrespondingSourceObject: {fileID: 400000, guid: 535210f1f9844ba4ab27b9972762c159, type: 3}
  m_PrefabInstance: {fileID: 5106426998336360365}
  m_PrefabAsset: {fileID: 0}
--- !u!1001 &5106426998552527635
PrefabInstance:
  m_ObjectHideFlags: 0
  serializedVersion: 2
  m_Modification:
    m_TransformParent: {fileID: 5106426998935386262}
    m_Modifications:
    - target: {fileID: 100002, guid: 8dfb3bdf788cbc345a338b5bd53d276b, type: 3}
      propertyPath: m_Name
      value: Tree (1)
      objectReference: {fileID: 0}
    - target: {fileID: 100002, guid: 8dfb3bdf788cbc345a338b5bd53d276b, type: 3}
      propertyPath: m_StaticEditorFlags
      value: 4294967295
      objectReference: {fileID: 0}
    - target: {fileID: 400002, guid: 8dfb3bdf788cbc345a338b5bd53d276b, type: 3}
      propertyPath: m_RootOrder
      value: 2
      objectReference: {fileID: 0}
    - target: {fileID: 400002, guid: 8dfb3bdf788cbc345a338b5bd53d276b, type: 3}
      propertyPath: m_LocalScale.x
      value: 0.93400717
      objectReference: {fileID: 0}
    - target: {fileID: 400002, guid: 8dfb3bdf788cbc345a338b5bd53d276b, type: 3}
      propertyPath: m_LocalScale.y
      value: 0.93400705
      objectReference: {fileID: 0}
    - target: {fileID: 400002, guid: 8dfb3bdf788cbc345a338b5bd53d276b, type: 3}
      propertyPath: m_LocalScale.z
      value: 0.9340069
      objectReference: {fileID: 0}
    - target: {fileID: 400002, guid: 8dfb3bdf788cbc345a338b5bd53d276b, type: 3}
      propertyPath: m_LocalPosition.x
      value: 1.0828
      objectReference: {fileID: 0}
    - target: {fileID: 400002, guid: 8dfb3bdf788cbc345a338b5bd53d276b, type: 3}
      propertyPath: m_LocalPosition.y
      value: 0.26
      objectReference: {fileID: 0}
    - target: {fileID: 400002, guid: 8dfb3bdf788cbc345a338b5bd53d276b, type: 3}
      propertyPath: m_LocalPosition.z
      value: 1.84
      objectReference: {fileID: 0}
    - target: {fileID: 400002, guid: 8dfb3bdf788cbc345a338b5bd53d276b, type: 3}
      propertyPath: m_LocalRotation.w
      value: -0.50727594
      objectReference: {fileID: 0}
    - target: {fileID: 400002, guid: 8dfb3bdf788cbc345a338b5bd53d276b, type: 3}
      propertyPath: m_LocalRotation.x
      value: 0.51662326
      objectReference: {fileID: 0}
    - target: {fileID: 400002, guid: 8dfb3bdf788cbc345a338b5bd53d276b, type: 3}
      propertyPath: m_LocalRotation.y
      value: 0.46250704
      objectReference: {fileID: 0}
    - target: {fileID: 400002, guid: 8dfb3bdf788cbc345a338b5bd53d276b, type: 3}
      propertyPath: m_LocalRotation.z
      value: 0.5117214
      objectReference: {fileID: 0}
    - target: {fileID: 400002, guid: 8dfb3bdf788cbc345a338b5bd53d276b, type: 3}
      propertyPath: m_LocalEulerAnglesHint.x
      value: -85.91901
      objectReference: {fileID: 0}
    - target: {fileID: 400002, guid: 8dfb3bdf788cbc345a338b5bd53d276b, type: 3}
      propertyPath: m_LocalEulerAnglesHint.y
      value: 417.046
      objectReference: {fileID: 0}
    - target: {fileID: 400002, guid: 8dfb3bdf788cbc345a338b5bd53d276b, type: 3}
      propertyPath: m_LocalEulerAnglesHint.z
      value: -144.10101
      objectReference: {fileID: 0}
    - target: {fileID: 2300004, guid: 8dfb3bdf788cbc345a338b5bd53d276b, type: 3}
      propertyPath: m_Materials.Array.data[0]
      value: 
      objectReference: {fileID: 2100000, guid: 854929c6a90467543b32b4c44a6fdb3b, type: 2}
    m_RemovedComponents: []
  m_SourcePrefab: {fileID: 100100000, guid: 8dfb3bdf788cbc345a338b5bd53d276b, type: 3}
--- !u!4 &5106426998552926609 stripped
Transform:
  m_CorrespondingSourceObject: {fileID: 400002, guid: 8dfb3bdf788cbc345a338b5bd53d276b, type: 3}
  m_PrefabInstance: {fileID: 5106426998552527635}
  m_PrefabAsset: {fileID: 0}
--- !u!1001 &5106426998962006270
PrefabInstance:
  m_ObjectHideFlags: 0
  serializedVersion: 2
  m_Modification:
    m_TransformParent: {fileID: 5106426998935386262}
    m_Modifications:
    - target: {fileID: 100000, guid: 371d3425353fbd74f927b386d74d4eff, type: 3}
      propertyPath: m_StaticEditorFlags
      value: 4294967295
      objectReference: {fileID: 0}
    - target: {fileID: 100002, guid: 371d3425353fbd74f927b386d74d4eff, type: 3}
      propertyPath: m_StaticEditorFlags
      value: 4294967295
      objectReference: {fileID: 0}
    - target: {fileID: 100004, guid: 371d3425353fbd74f927b386d74d4eff, type: 3}
      propertyPath: m_StaticEditorFlags
      value: 4294967295
      objectReference: {fileID: 0}
    - target: {fileID: 400002, guid: 371d3425353fbd74f927b386d74d4eff, type: 3}
      propertyPath: m_RootOrder
      value: 0
      objectReference: {fileID: 0}
    - target: {fileID: 400002, guid: 371d3425353fbd74f927b386d74d4eff, type: 3}
      propertyPath: m_LocalPosition.x
      value: 0
      objectReference: {fileID: 0}
    - target: {fileID: 400002, guid: 371d3425353fbd74f927b386d74d4eff, type: 3}
      propertyPath: m_LocalPosition.y
      value: 0
      objectReference: {fileID: 0}
    - target: {fileID: 400002, guid: 371d3425353fbd74f927b386d74d4eff, type: 3}
      propertyPath: m_LocalPosition.z
      value: 0
      objectReference: {fileID: 0}
    - target: {fileID: 400002, guid: 371d3425353fbd74f927b386d74d4eff, type: 3}
      propertyPath: m_LocalRotation.w
      value: 1
      objectReference: {fileID: 0}
    - target: {fileID: 400002, guid: 371d3425353fbd74f927b386d74d4eff, type: 3}
      propertyPath: m_LocalRotation.x
      value: 0
      objectReference: {fileID: 0}
    - target: {fileID: 400002, guid: 371d3425353fbd74f927b386d74d4eff, type: 3}
      propertyPath: m_LocalRotation.y
      value: 0
      objectReference: {fileID: 0}
    - target: {fileID: 400002, guid: 371d3425353fbd74f927b386d74d4eff, type: 3}
      propertyPath: m_LocalRotation.z
      value: 0
      objectReference: {fileID: 0}
    - target: {fileID: 2300000, guid: 371d3425353fbd74f927b386d74d4eff, type: 3}
      propertyPath: m_Materials.Array.data[0]
      value: 
      objectReference: {fileID: 2100000, guid: 16d37c33eb1f38e4fb1cf72191e9ef03, type: 2}
    - target: {fileID: 2300002, guid: 371d3425353fbd74f927b386d74d4eff, type: 3}
      propertyPath: m_Materials.Array.data[0]
      value: 
      objectReference: {fileID: 2100000, guid: 854929c6a90467543b32b4c44a6fdb3b, type: 2}
    m_RemovedComponents: []
  m_SourcePrefab: {fileID: 100100000, guid: 371d3425353fbd74f927b386d74d4eff, type: 3}
--- !u!4 &5106426998962401916 stripped
Transform:
  m_CorrespondingSourceObject: {fileID: 400002, guid: 371d3425353fbd74f927b386d74d4eff, type: 3}
  m_PrefabInstance: {fileID: 5106426998962006270}
  m_PrefabAsset: {fileID: 0}
--- !u!1001 &5106426999012823133
PrefabInstance:
  m_ObjectHideFlags: 0
  serializedVersion: 2
  m_Modification:
    m_TransformParent: {fileID: 5106426998935139217}
    m_Modifications:
    - target: {fileID: 100000, guid: 535210f1f9844ba4ab27b9972762c159, type: 3}
      propertyPath: m_Name
      value: Bush (1)
      objectReference: {fileID: 0}
    - target: {fileID: 100000, guid: 535210f1f9844ba4ab27b9972762c159, type: 3}
      propertyPath: m_StaticEditorFlags
      value: 4294967295
      objectReference: {fileID: 0}
    - target: {fileID: 400000, guid: 535210f1f9844ba4ab27b9972762c159, type: 3}
      propertyPath: m_RootOrder
      value: 1
      objectReference: {fileID: 0}
    - target: {fileID: 400000, guid: 535210f1f9844ba4ab27b9972762c159, type: 3}
      propertyPath: m_LocalScale.x
      value: 0.7769286
      objectReference: {fileID: 0}
    - target: {fileID: 400000, guid: 535210f1f9844ba4ab27b9972762c159, type: 3}
      propertyPath: m_LocalScale.y
      value: 0.7769283
      objectReference: {fileID: 0}
    - target: {fileID: 400000, guid: 535210f1f9844ba4ab27b9972762c159, type: 3}
      propertyPath: m_LocalScale.z
      value: 0.7769283
      objectReference: {fileID: 0}
    - target: {fileID: 400000, guid: 535210f1f9844ba4ab27b9972762c159, type: 3}
      propertyPath: m_LocalPosition.x
      value: -1.81
      objectReference: {fileID: 0}
    - target: {fileID: 400000, guid: 535210f1f9844ba4ab27b9972762c159, type: 3}
      propertyPath: m_LocalPosition.y
      value: -0.64
      objectReference: {fileID: 0}
    - target: {fileID: 400000, guid: 535210f1f9844ba4ab27b9972762c159, type: 3}
      propertyPath: m_LocalPosition.z
      value: -1.49
      objectReference: {fileID: 0}
    - target: {fileID: 400000, guid: 535210f1f9844ba4ab27b9972762c159, type: 3}
      propertyPath: m_LocalRotation.w
      value: 0.7071067
      objectReference: {fileID: 0}
    - target: {fileID: 400000, guid: 535210f1f9844ba4ab27b9972762c159, type: 3}
      propertyPath: m_LocalRotation.x
      value: -0.7071068
      objectReference: {fileID: 0}
    - target: {fileID: 400000, guid: 535210f1f9844ba4ab27b9972762c159, type: 3}
      propertyPath: m_LocalRotation.y
      value: -0
      objectReference: {fileID: 0}
    - target: {fileID: 400000, guid: 535210f1f9844ba4ab27b9972762c159, type: 3}
      propertyPath: m_LocalRotation.z
      value: -0
      objectReference: {fileID: 0}
    - target: {fileID: 2300000, guid: 535210f1f9844ba4ab27b9972762c159, type: 3}
      propertyPath: m_Materials.Array.data[0]
      value: 
      objectReference: {fileID: 2100000, guid: 606d0665b57392b48b35f760c205dc21, type: 2}
    m_RemovedComponents: []
  m_SourcePrefab: {fileID: 100100000, guid: 535210f1f9844ba4ab27b9972762c159, type: 3}
--- !u!4 &5106426999012428509 stripped
Transform:
  m_CorrespondingSourceObject: {fileID: 400000, guid: 535210f1f9844ba4ab27b9972762c159, type: 3}
  m_PrefabInstance: {fileID: 5106426999012823133}
  m_PrefabAsset: {fileID: 0}
--- !u!1001 &5106426999086828242
PrefabInstance:
  m_ObjectHideFlags: 0
  serializedVersion: 2
  m_Modification:
    m_TransformParent: {fileID: 5106426997325168924}
    m_Modifications:
    - target: {fileID: 100002, guid: 8dfb3bdf788cbc345a338b5bd53d276b, type: 3}
      propertyPath: m_StaticEditorFlags
      value: 4294967295
      objectReference: {fileID: 0}
    - target: {fileID: 400002, guid: 8dfb3bdf788cbc345a338b5bd53d276b, type: 3}
      propertyPath: m_RootOrder
      value: 1
      objectReference: {fileID: 0}
    - target: {fileID: 400002, guid: 8dfb3bdf788cbc345a338b5bd53d276b, type: 3}
      propertyPath: m_LocalScale.x
      value: 2.3369138
      objectReference: {fileID: 0}
    - target: {fileID: 400002, guid: 8dfb3bdf788cbc345a338b5bd53d276b, type: 3}
      propertyPath: m_LocalScale.y
      value: 2.3369126
      objectReference: {fileID: 0}
    - target: {fileID: 400002, guid: 8dfb3bdf788cbc345a338b5bd53d276b, type: 3}
      propertyPath: m_LocalScale.z
      value: 2.3369126
      objectReference: {fileID: 0}
    - target: {fileID: 400002, guid: 8dfb3bdf788cbc345a338b5bd53d276b, type: 3}
      propertyPath: m_LocalPosition.x
      value: -4.72
      objectReference: {fileID: 0}
    - target: {fileID: 400002, guid: 8dfb3bdf788cbc345a338b5bd53d276b, type: 3}
      propertyPath: m_LocalPosition.y
      value: 0.8932247
      objectReference: {fileID: 0}
    - target: {fileID: 400002, guid: 8dfb3bdf788cbc345a338b5bd53d276b, type: 3}
      propertyPath: m_LocalPosition.z
      value: -1.4811867
      objectReference: {fileID: 0}
    - target: {fileID: 400002, guid: 8dfb3bdf788cbc345a338b5bd53d276b, type: 3}
      propertyPath: m_LocalRotation.w
      value: 0.5824215
      objectReference: {fileID: 0}
    - target: {fileID: 400002, guid: 8dfb3bdf788cbc345a338b5bd53d276b, type: 3}
      propertyPath: m_LocalRotation.x
      value: -0.6481056
      objectReference: {fileID: 0}
    - target: {fileID: 400002, guid: 8dfb3bdf788cbc345a338b5bd53d276b, type: 3}
      propertyPath: m_LocalRotation.y
      value: 0.36516428
      objectReference: {fileID: 0}
    - target: {fileID: 400002, guid: 8dfb3bdf788cbc345a338b5bd53d276b, type: 3}
      propertyPath: m_LocalRotation.z
      value: 0.32771868
      objectReference: {fileID: 0}
    - target: {fileID: 400002, guid: 8dfb3bdf788cbc345a338b5bd53d276b, type: 3}
      propertyPath: m_LocalEulerAnglesHint.x
      value: -83.84801
      objectReference: {fileID: 0}
    - target: {fileID: 400002, guid: 8dfb3bdf788cbc345a338b5bd53d276b, type: 3}
      propertyPath: m_LocalEulerAnglesHint.y
      value: 179.705
      objectReference: {fileID: 0}
    - target: {fileID: 400002, guid: 8dfb3bdf788cbc345a338b5bd53d276b, type: 3}
      propertyPath: m_LocalEulerAnglesHint.z
      value: -120.98501
      objectReference: {fileID: 0}
    - target: {fileID: 2300004, guid: 8dfb3bdf788cbc345a338b5bd53d276b, type: 3}
      propertyPath: m_Materials.Array.data[0]
      value: 
      objectReference: {fileID: 2100000, guid: 854929c6a90467543b32b4c44a6fdb3b, type: 2}
    m_RemovedComponents: []
  m_SourcePrefab: {fileID: 100100000, guid: 8dfb3bdf788cbc345a338b5bd53d276b, type: 3}
--- !u!4 &5106426999087222864 stripped
Transform:
  m_CorrespondingSourceObject: {fileID: 400002, guid: 8dfb3bdf788cbc345a338b5bd53d276b, type: 3}
  m_PrefabInstance: {fileID: 5106426999086828242}
  m_PrefabAsset: {fileID: 0}
--- !u!1001 &5106426999189458103
PrefabInstance:
  m_ObjectHideFlags: 0
  serializedVersion: 2
  m_Modification:
    m_TransformParent: {fileID: 5106426997325168924}
    m_Modifications:
    - target: {fileID: 100000, guid: b690919169dac9349ac86dd59893d16d, type: 3}
      propertyPath: m_StaticEditorFlags
      value: 4294967295
      objectReference: {fileID: 0}
    - target: {fileID: 100002, guid: b690919169dac9349ac86dd59893d16d, type: 3}
      propertyPath: m_StaticEditorFlags
      value: 4294967295
      objectReference: {fileID: 0}
    - target: {fileID: 100004, guid: b690919169dac9349ac86dd59893d16d, type: 3}
      propertyPath: m_StaticEditorFlags
      value: 4294967295
      objectReference: {fileID: 0}
    - target: {fileID: 100006, guid: b690919169dac9349ac86dd59893d16d, type: 3}
      propertyPath: m_StaticEditorFlags
      value: 4294967295
      objectReference: {fileID: 0}
    - target: {fileID: 400002, guid: b690919169dac9349ac86dd59893d16d, type: 3}
      propertyPath: m_RootOrder
      value: 0
      objectReference: {fileID: 0}
    - target: {fileID: 400002, guid: b690919169dac9349ac86dd59893d16d, type: 3}
      propertyPath: m_LocalPosition.x
      value: 0
      objectReference: {fileID: 0}
    - target: {fileID: 400002, guid: b690919169dac9349ac86dd59893d16d, type: 3}
      propertyPath: m_LocalPosition.y
      value: 0
      objectReference: {fileID: 0}
    - target: {fileID: 400002, guid: b690919169dac9349ac86dd59893d16d, type: 3}
      propertyPath: m_LocalPosition.z
      value: 0
      objectReference: {fileID: 0}
    - target: {fileID: 400002, guid: b690919169dac9349ac86dd59893d16d, type: 3}
      propertyPath: m_LocalRotation.w
      value: 1
      objectReference: {fileID: 0}
    - target: {fileID: 400002, guid: b690919169dac9349ac86dd59893d16d, type: 3}
      propertyPath: m_LocalRotation.x
      value: 0
      objectReference: {fileID: 0}
    - target: {fileID: 400002, guid: b690919169dac9349ac86dd59893d16d, type: 3}
      propertyPath: m_LocalRotation.y
      value: 0
      objectReference: {fileID: 0}
    - target: {fileID: 400002, guid: b690919169dac9349ac86dd59893d16d, type: 3}
      propertyPath: m_LocalRotation.z
      value: 0
      objectReference: {fileID: 0}
    - target: {fileID: 2300000, guid: b690919169dac9349ac86dd59893d16d, type: 3}
      propertyPath: m_Materials.Array.data[0]
      value: 
      objectReference: {fileID: 2100000, guid: 16d37c33eb1f38e4fb1cf72191e9ef03, type: 2}
    - target: {fileID: 2300002, guid: b690919169dac9349ac86dd59893d16d, type: 3}
      propertyPath: m_Materials.Array.data[0]
      value: 
      objectReference: {fileID: 2100000, guid: 854929c6a90467543b32b4c44a6fdb3b, type: 2}
    - target: {fileID: 2300004, guid: b690919169dac9349ac86dd59893d16d, type: 3}
      propertyPath: m_Materials.Array.data[0]
      value: 
      objectReference: {fileID: 2100000, guid: 9821c1b0463afc345b0bbae9ddc158d3, type: 2}
    m_RemovedComponents: []
  m_SourcePrefab: {fileID: 100100000, guid: b690919169dac9349ac86dd59893d16d, type: 3}
--- !u!4 &5106426999189067317 stripped
Transform:
  m_CorrespondingSourceObject: {fileID: 400002, guid: b690919169dac9349ac86dd59893d16d, type: 3}
  m_PrefabInstance: {fileID: 5106426999189458103}
  m_PrefabAsset: {fileID: 0}
